@book{NA,
  title={Numerical Analysis},
  author={Richard L. Burden and J. Douglas Faires},
  publisher={Richard Stratton},
  chapter=2,
  pages={80-81},
  edition=9,
  year=2010
}
